@article{ho_2017, 
title={Supermarkets ‘must consolidate’ as margins too small to support major players}, 
url={https://www.express.co.uk/finance/city/875735/supermarkets-profits-tesco-sainsburys-morrisons-asda-aldi-lidl}, 
journal={Express}, 
author={Ho, Geoff}, 
year={2017}, 
month={Nov}} 

@article{munden_makris_fletcher_2016, 
title={The Rise of the Machines – Programmatic Commerce and the Digital Retail Revolution}, 
publisher={Salmon Ltd.},
author={Munden, Patrick and Makris, Minos and Fletcher, Hugh}, 
year={2016}}
